
</collection>
<collection xmlns="http://www.loc.gov/MARC21/slim">
<record>
  <controlfield tag="001">1881358</controlfield>
  <controlfield tag="005">20210326220311.0</controlfield>
  <datafield tag="024" ind1="8" ind2=" ">
    <subfield code="a">oai:cds.cern.ch:1881358</subfield>
    <subfield code="p">cerncds:MEMORIAV</subfield>
  </datafield>
  <datafield tag="041" ind1=" " ind2=" ">
    <subfield code="9">review</subfield>
    <subfield code="a">eng</subfield>
  </datafield>
  <datafield tag="245" ind1=" " ind2=" ">
    <subfield code="9">review</subfield>
    <subfield code="a">6th International Conference on Public Communication of Science  and  Technology</subfield>
  </datafield>
  <datafield tag="260" ind1=" " ind2=" ">
    <subfield code="9">review</subfield>
    <subfield code="c">2001</subfield>
  </datafield>
  <datafield tag="269" ind1=" " ind2=" ">
    <subfield code="9">review</subfield>
    <subfield code="c">2001-02-01</subfield>
  </datafield>
  <datafield tag="500" ind1=" " ind2=" ">
    <subfield code="a">The video was digitized from its original recording as part of the CERN Digital Memory project </subfield>
  </datafield>
  <datafield tag="542" ind1="1" ind2=" ">
    <subfield code="9">review</subfield>
    <subfield code="g">2001-02-01</subfield>
    <subfield code="d">CERN</subfield>
  </datafield>
  <datafield tag="583" ind1="1" ind2=" ">
    <subfield code="2">pda</subfield>
    <subfield code="3">VHS</subfield>
    <subfield code="5">SzGeCERN</subfield>
    <subfield code="6">disks/DELIVERY47</subfield>
    <subfield code="a">digitized</subfield>
    <subfield code="b">C1V1</subfield>
    <subfield code="c">202011</subfield>
    <subfield code="f">CERN Digital Memory Project</subfield>
    <subfield code="i">OPEN-REFINE Project SUM-NOV2020</subfield>
    <subfield code="k">PICTURAE</subfield>
    <subfield code="u">https://cds.cern.ch/record/2257246</subfield>
    <subfield code="n">185,426666666667</subfield>
    <subfield code="o">minutes</subfield>
    <subfield code="x"> High frequency interference pattern; Low audio level - poor quality - out of phase; Low RF, noisy picture; Videotape dubbing error; Video tracking issue</subfield>
  </datafield>
  <datafield tag="594" ind1=" " ind2=" ">
    <subfield code="9">review</subfield>
    <subfield code="a">Conference Speech</subfield>
  </datafield>
  <datafield tag="595" ind1=" " ind2=" ">
    <subfield code="a">VHS</subfield>
  </datafield>
  <datafield tag="597" ind1=" " ind2=" ">
    <subfield code="9">review</subfield>
    <subfield code="a">https://cds.cern.ch/record/2293591</subfield>
  </datafield>
  <datafield tag="650" ind1="2" ind2="7">
    <subfield code="9">review</subfield>
    <subfield code="a">Portraits of science</subfield>
  </datafield>
  <datafield tag="653" ind1="1" ind2=" ">
    <subfield code="9">review</subfield>
    <subfield code="a">PCST</subfield>
  </datafield>
  <datafield tag="690" ind1="C" ind2=" ">
    <subfield code="9">review</subfield>
    <subfield code="a">reviewed</subfield>
  </datafield>
  <datafield tag="690" ind1="C" ind2=" ">
    <subfield code="a">movingimages</subfield>
  </datafield>
  <datafield tag="852" ind1=" " ind2=" ">
    <subfield code="a">Not-in-Inventory</subfield>
    <subfield code="c">CM-A00000339</subfield>
  </datafield>
  <datafield tag="856" ind1="4" ind2=" ">
    <subfield code="2">EOS</subfield>
    <subfield code="q">MP4</subfield>
    <subfield code="u">https://cern.ch/digital-memory/media-archive/video/open/mp4/1881358.mp4</subfield>
    <subfield code="y">Video-CM-A00000339-047</subfield>
    <subfield code="z">mp4 video format (640x360)</subfield>
    <subfield code="w">(PICTURAE:MD5)CM-A00000339-047.mp4;ef3c70a793d0293c011bc6d9a833b10a</subfield>
  </datafield>
  <datafield tag="856" ind1="7" ind2=" ">
    <subfield code="2">EOS</subfield>
    <subfield code="q">MOV</subfield>
    <subfield code="d">/eos/media/cds/public/www/digital-memory/media-archive/video/open/mov/1881358.mov</subfield>
    <subfield code="w">(PICTURAE:MD5)CM-A00000339-047.mov;34c775a7bcdb884296e9cd2cfe8d1b1e</subfield>
  </datafield>
  <datafield tag="856" ind1="7" ind2=" ">
    <subfield code="2">EOS</subfield>
    <subfield code="q">MKV</subfield>
    <subfield code="d">/eos/media/cds/public/www/digital-memory/media-archive/video/open/mkv/1881358.mkv</subfield>
    <subfield code="w">(PICTURAE:MD5)CM-A00000339-047.mkv;b63f891e83d934c4580472b5db631b44</subfield>
  </datafield>
  <datafield tag="960" ind1=" " ind2=" ">
    <subfield code="a">200</subfield>
  </datafield>
  <datafield tag="961" ind1=" " ind2=" ">
    <subfield code="a">Tom Barthelemy</subfield>
    <subfield code="b">Curator</subfield>
    <subfield code="x">2020-11-01</subfield>
  </datafield>
  <datafield tag="963" ind1=" " ind2=" ">
    <subfield code="9">review
</subfield>
    <subfield code="a">PUBLIC</subfield>
  </datafield>
  <datafield tag="980" ind1=" " ind2=" ">
    <subfield code="a">VIDEOARC</subfield>
  </datafield>
</record>