
</collection>
<collection xmlns="http://www.loc.gov/MARC21/slim">
<record>
  <controlfield tag="001">1881235</controlfield>
  <controlfield tag="005">20210326220303.0</controlfield>
  <datafield tag="041" ind1=" " ind2=" ">
    <subfield code="9">review</subfield>
    <subfield code="a">eng</subfield>
  </datafield>
  <datafield tag="245" ind1=" " ind2=" ">
    <subfield code="9">review</subfield>
    <subfield code="a">Atomic energy</subfield>
  </datafield>
  <datafield tag="260" ind1=" " ind2=" ">
    <subfield code="9">review</subfield>
    <subfield code="c">1996</subfield>
  </datafield>
  <datafield tag="500" ind1=" " ind2=" ">
    <subfield code="a">The video was digitized from its original recording as part of the CERN Digital Memory project </subfield>
  </datafield>
  <datafield tag="542" ind1="1" ind2=" ">
    <subfield code="9">review</subfield>
    <subfield code="g">1996</subfield>
    <subfield code="d">India TV</subfield>
  </datafield>
  <datafield tag="583" ind1="1" ind2=" ">
    <subfield code="2">pda</subfield>
    <subfield code="3">VHS</subfield>
    <subfield code="5">SzGeCERN</subfield>
    <subfield code="6">disks/DELIVERY47</subfield>
    <subfield code="a">digitized</subfield>
    <subfield code="b">C1V1</subfield>
    <subfield code="c">202011</subfield>
    <subfield code="f">CERN Digital Memory Project</subfield>
    <subfield code="i">OPEN-REFINE Project SUM-NOV2020</subfield>
    <subfield code="k">PICTURAE</subfield>
    <subfield code="u">https://cds.cern.ch/record/2257246</subfield>
    <subfield code="n">30,0766666666667</subfield>
    <subfield code="o">minutes</subfield>
    <subfield code="x"> Low RF, noisy picture</subfield>
  </datafield>
  <datafield tag="594" ind1=" " ind2=" ">
    <subfield code="9">review</subfield>
    <subfield code="a">Movie</subfield>
  </datafield>
  <datafield tag="595" ind1=" " ind2=" ">
    <subfield code="a">VHS</subfield>
  </datafield>
  <datafield tag="650" ind1="2" ind2="7">
    <subfield code="9">review</subfield>
    <subfield code="a">Portraits of science</subfield>
  </datafield>
  <datafield tag="690" ind1="C" ind2=" ">
    <subfield code="9">review</subfield>
    <subfield code="a">reviewed</subfield>
  </datafield>
  <datafield tag="690" ind1="C" ind2=" ">
    <subfield code="a">movingimages</subfield>
  </datafield>
  <datafield tag="852" ind1=" " ind2=" ">
    <subfield code="a">Not-in-Inventory</subfield>
    <subfield code="c">CM-A00000336</subfield>
  </datafield>
  <datafield tag="856" ind1="4" ind2=" ">
    <subfield code="2">EOS</subfield>
    <subfield code="q">MP4</subfield>
    <subfield code="u">https://cern.ch/digital-memory/media-archive/video/cern/mp4/1881235.mp4</subfield>
    <subfield code="y">Video-CM-A00000336-060</subfield>
    <subfield code="z">mp4 video format (640x360)</subfield>
    <subfield code="w">(PICTURAE:MD5)CM-A00000336-060.mp4;e4e3398a22466c65378f16c636301265</subfield>
  </datafield>
  <datafield tag="856" ind1="7" ind2=" ">
    <subfield code="2">EOS</subfield>
    <subfield code="q">MOV</subfield>
    <subfield code="d">/eos/media/cds/public/www/digital-memory/media-archive/video/cern/mov/1881235.mov</subfield>
    <subfield code="w">(PICTURAE:MD5)CM-A00000336-060.mov;aa7cbf00a640494e059054de2a463105</subfield>
  </datafield>
  <datafield tag="856" ind1="7" ind2=" ">
    <subfield code="2">EOS</subfield>
    <subfield code="q">MKV</subfield>
    <subfield code="d">/eos/media/cds/public/www/digital-memory/media-archive/video/cern/mkv/1881235.mkv</subfield>
    <subfield code="w">(PICTURAE:MD5)CM-A00000336-060.mkv;db2d69c634f5d70fa67838e3d0e6b1a6</subfield>
  </datafield>
  <datafield tag="960" ind1=" " ind2=" ">
    <subfield code="a">200</subfield>
  </datafield>
  <datafield tag="961" ind1=" " ind2=" ">
    <subfield code="a">Tom Barthelemy</subfield>
    <subfield code="b">Curator</subfield>
    <subfield code="x">2020-11-01</subfield>
  </datafield>
  <datafield tag="963" ind1=" " ind2=" ">
    <subfield code="9">review
</subfield>
    <subfield code="a">RESTRICTED</subfield>
  </datafield>
  <datafield tag="980" ind1=" " ind2=" ">
    <subfield code="a">VIDEOARC</subfield>
  </datafield>
</record>